@inproceedings{mcvicar2014leveraging,
  title={Leveraging repetition for improved automatic lyric transcription in popular music},
  author={McVicar, Matt and Ellis, Daniel PW and Goto, Masataka},
  booktitle={Acoustics, Speech and Signal Processing (ICASSP), 2014 IEEE International Conference on},
  pages={3117--3121},
  year={2014},
  organization={IEEE}
}

@inproceedings{kruspe2016retrieval,
  title={Retrieval of Textual Song Lyrics from Sung Inputs.},
  author={Kruspe, Anna M and Fraunhofer, IDMT},
  booktitle={INTERSPEECH},
  pages={2140--2144},
  year={2016}
}

@inproceedings{ibrahim2017intelligibility,
  title={Intelligibility of sung lyrics: A pilot study},
  author={Ibrahim, Karim M and Grunberg, David and Agres, Kat and Gupta, Chitralekha and Wang, Ye},
  year={2017},
  organization={International Society for Music Information Retrieval Conference}
}

@inproceedings{gupta2017perceptual,
  title={Perceptual Evaluation of Singing Quality},
  author={Gupta, Chitralekha and Li, Haizhou and Wang, Ye},
  booktitle={Proceedings of APSIPA Annual Summit and Conference},
  volume={2017},
  pages={12--15},
  year={2017}
}

@article{tsai2012automatic,
  title={Automatic evaluation of karaoke singing based on pitch, volume, and rhythm features},
  author={Tsai, Wei-Ho and Lee, Hsin-Chieh},
  journal={IEEE Transactions on Audio, Speech, and Language Processing},
  volume={20},
  number={4},
  pages={1233--1243},
  year={2012},
  publisher={IEEE}
}

@article{juslin2003music,
        Author = {Juslin, Patrik N. and Laukka, Petri},
        Journal = {Psychological Bulletin},
        Pages = {770--814},
        Publisher = {American Psychological Association, Inc.},
        Title = {Communication of Emotions in Vocal Expression and Musical Performance: Different Channels, Same Code?},
        Volume = {129},
        Year = {2003}}

@article{hutchins2012frog,
  title={A frog in your throat or in your ear? Searching for the causes of poor singing.},
  author={Hutchins, Sean Michael and Peretz, Isabelle},
  journal={Journal of Experimental Psychology: General},
  volume={141},
  number={1},
  pages={76},
  year={2012},
  publisher={US: American Psychological Association}
}

@article{hutchins2013linked,
  title={The Linked Dual Representation model of vocal perception and production},
  author={Hutchins, Sean and Moreno, Sylvain},
  journal={Frontiers in psychology},
  volume={4},
  pages={825},
  year={2013},
  publisher={Frontiers}
}

@article{weiss2012something,
  title={Something in the way she sings: Enhanced memory for vocal melodies},
  author={Weiss, Michael W and Trehub, Sandra E and Schellenberg, E Glenn},
  journal={Psychological Science},
  volume={23},
  number={10},
  pages={1074--1078},
  year={2012},
  publisher={Sage Publications Sage CA: Los Angeles, CA}
}

@article{weiss2015enhanced,
  title={Enhanced processing of vocal melodies in childhood.},
  author={Weiss, Michael W and Schellenberg, E Glenn and Trehub, Sandra E and Dawber, Emily J},
  journal={Developmental Psychology},
  volume={51},
  number={3},
  pages={370},
  year={2015},
  publisher={US: American Psychological Association}
}

@article{armony2015specificity,
  title={The specificity of neural responses to music and their relation to voice processing: An fMRI-adaptation study},
  author={Armony, Jorge L and Aub{\'e}, William and Angulo-Perkins, Arafat and Peretz, Isabelle and Concha, Luis},
  journal={Neuroscience letters},
  volume={593},
  pages={35--39},
  year={2015},
  publisher={Elsevier}
}

@article{belin2000voice,
  title={Voice-selective areas in human auditory cortex},
  author={Belin, Pascal and Zatorre, Robert J and Lafaille, Philippe and Ahad, Pierre and Pike, Bruce},
  journal={Nature},
  volume={403},
  number={6767},
  pages={309},
  year={2000},
  publisher={Nature Publishing Group}
}

@article{porges2001polyvagal,
  title={The polyvagal theory: phylogenetic substrates of a social nervous system},
  author={Porges, Stephen W},
  journal={International Journal of Psychophysiology},
  volume={42},
  number={2},
  pages={123--146},
  year={2001},
  publisher={Elsevier}
}

@Article{Borda1781
,    title    = {M\'emoire sur les \'elections au scrutin}
,    author    = {de Borda, Jean C}
,    journal    = {Histoire de l'Academie Royale des Sciences}
,    year    = {1781}
}

@article{kolde2012robust,
  title={Robust rank aggregation for gene list integration and meta-analysis},
  author={Kolde, Raivo and Laur, Sven and Adler, Priit and Vilo, Jaak},
  journal={Bioinformatics},
  volume={28},
  number={4},
  pages={573--580},
  year={2012},
  publisher={Oxford University Press}
}

@inproceedings{dwork2001rank,
  title={Rank aggregation methods for the web},
  author={Dwork, Cynthia and Kumar, Ravi and Naor, Moni and Sivakumar, Dandapani},
  booktitle={Proceedings of the 10th international conference on World Wide Web},
  pages={613--622},
  year={2001},
  organization={ACM}
}

@article{krumhansl2017listening,
  title={Listening niches across a century of popular music},
  author={Krumhansl, Carol Lynne},
  journal={Frontiers in psychology},
  volume={8},
  pages={431},
  year={2017},
  publisher={Frontiers}
}

@article{sparck1972statistical,
  title={A statistical interpretation of term specificity and its application in retrieval},
  author={Sparck Jones, Karen},
  journal={Journal of documentation},
  volume={28},
  number={1},
  pages={11--21},
  year={1972},
  publisher={MCB UP Ltd}
}

@article{miller1969psychological,
  title={A psychological method to investigate verbal concepts},
  author={Miller, George A},
  journal={Journal of mathematical psychology},
  volume={6},
  number={2},
  pages={169--191},
  year={1969},
  publisher={Elsevier}
}

@article{lesaffre2008potential,
  title={How potential users of music search and retrieval systems describe the semantic quality of music},
  author={Lesaffre, Micheline and Voogdt, Liesbeth De and Leman, Marc and Baets, Bernard De and Meyer, Hans De and Martens, Jean-Pierre},
  journal={Journal of the Association for Information Science and Technology},
  volume={59},
  number={5},
  pages={695--707},
  year={2008},
  publisher={Wiley Online Library}
}