% Example bibtex file for ISMIR Template
@misc{DeBruine_Jones_2018,
  title={Determining the number of raters for reliable mean ratings},
  url={osf.io/x7fus},
  DOI={10.17605/OSF.IO/X7FUS},
  publisher={OSF},
  author={DeBruine, Lisa M and Jones, Benedict C},
  year={2018},
  month={Aug}
}
@inproceedings{demetriou2018vocals,
  title={Vocals in Music Matter: the Relevance of Vocals in the Minds of Listeners.},
  author={Demetriou, Andrew and Jansson, Andreas and Kumar, Aparna and Bittner, Rachel M},
  booktitle={ISMIR},
  pages={514--520},
  year={2018}
}
@book{rokeach1973nature,
  title={The nature of human values.},
  author={Rokeach, Milton},
  year={1973},
  publisher={Free press}
}
@article{sagiv2022personal,
  title={Personal values across cultures},
  author={Sagiv, Lilach and Schwartz, Shalom H},
  journal={Annual review of psychology},
  volume={73},
  pages={517--546},
  year={2022},
  publisher={Annual Reviews}
}
@article{solaiman2023evaluating,
  title={{Evaluating the Social Impact of Generative AI Systems in Systems and Society}},
  author={Solaiman, Irene and Talat, Zeerak and Agnew, William and Ahmad, Lama and Baker, Dylan and Blodgett, Su Lin and Daum{\'e} III, Hal and Dodge, Jesse and Evans, Ellie and Hooker, Sara and others},
  journal={arXiv preprint arXiv:2306.05949},
  year={2023}
}
@article{prabhakaran2023framework,
  title={A Framework to Assess (Dis) agreement Among Diverse Rater Groups},
  author={Prabhakaran, Vinodkumar and Homan, Christopher and Aroyo, Lora and Parrish, Alicia and Taylor, Alex and D{\'\i}az, Mark and Wang, Ding},
  journal={arXiv preprint arXiv:2311.05074},
  year={2023}
}
@inproceedings{sandri2023don,
  title={Why don’t you do it right? analysing annotators’ disagreement in subjective tasks},
  author={Sandri, Marta and Leonardelli, Elisa and Tonelli, Sara and Je{\v{z}}ek, Elisabetta},
  booktitle={Proceedings of the 17th Conference of the European Chapter of the Association for Computational Linguistics},
  pages={2420--2433},
  year={2023}
}
@incollection{schwartz1992universals,
  title={Universals in the content and structure of values: Theoretical advances and empirical tests in 20 countries},
  author={Schwartz, Shalom H},
  booktitle={Advances in experimental social psychology},
  volume={25},
  pages={1--65},
  year={1992},
  publisher={Elsevier}
}
@article{boyd2017language,
  title={Language-based personality: A new approach to personality in a digital world},
  author={Boyd, Ryan L and Pennebaker, James W},
  journal={Current opinion in behavioral sciences},
  volume={18},
  pages={63--68},
  year={2017},
  publisher={Elsevier}
}
@inproceedings{manolios2019influence,
  title={The influence of personal values on music taste: towards value-based music recommendations},
  author={Manolios, Sandy and Hanjalic, Alan and Liem, Cynthia CS},
  booktitle={Proceedings of the 13th ACM Conference on Recommender Systems},
  pages={501--505},
  year={2019}
}
@article{gardikiotis2012rock,
  title={‘Rock music for myself and justice to the world!’: Musical identity, values, and music preferences},
  author={Gardikiotis, Antonis and Baltzis, Alexandros},
  journal={Psychology of Music},
  volume={40},
  number={2},
  pages={143--163},
  year={2012},
  publisher={SAGE Publications Sage UK: London, England}
}
@article{swami2013metalheads,
  title={Metalheads: The influence of personality and individual differences on preference for heavy metal.},
  author={Swami, Viren and Malpass, Fiona and Havard, David and Benford, Karis and Costescu, Ana and Sofitiki, Angeliki and Taylor, Donna},
  journal={Psychology of Aesthetics, Creativity, and the Arts},
  volume={7},
  number={4},
  pages={377},
  year={2013},
  publisher={Educational Publishing Foundation}
}
@article{preniqi2022more,
  title={" More Than Words": Linking Music Preferences and Moral Values Through Lyrics},
  author={Preniqi, Vjosa and Kalimeri, Kyriaki and Saitis, Charalampos},
  journal={arXiv preprint arXiv:2209.01169},
  year={2022}
}
@article{schwartz1987toward,
  title={Toward a universal psychological structure of human values.},
  author={Schwartz, Shalom H and Bilsky, Wolfgang},
  journal={Journal of personality and social psychology},
  volume={53},
  number={3},
  pages={550},
  year={1987},
  publisher={American Psychological Association}
}
@article{schwartz2012overview,
  title={An overview of the Schwartz theory of basic values},
  author={Schwartz, Shalom H},
  journal={Online readings in Psychology and Culture},
  volume={2},
  number={1},
  pages={11},
  year={2012}
}
@incollection{maio2010mental,
  title={Mental representations of social values},
  author={Maio, Gregory R},
  booktitle={Advances in experimental social psychology},
  volume={42},
  pages={1--43},
  year={2010},
  publisher={Elsevier}
}
@techreport{pennebaker2015development,
  title={The development and psychometric properties of LIWC2015},
  author={Pennebaker, James W and Boyd, Ryan L and Jordan, Kayla and Blackburn, Kate},
  year={2015}
}
@article{graham2009liberals,
  title={Liberals and conservatives rely on different sets of moral foundations.},
  author={Graham, Jesse and Haidt, Jonathan and Nosek, Brian A},
  journal={Journal of personality and social psychology},
  volume={96},
  number={5},
  pages={1029},
  year={2009},
  publisher={American Psychological Association}
}
@article{holtrop2022exploring,
  title={Exploring the application of a text-to-personality technique in job interviews},
  author={Holtrop, Djurre and Oostrom, Janneke K and van Breda, Ward R J and Koutsoumpis, Antonis and de Vries, Reinout E},
  journal={European Journal of Work and Organizational Psychology},
  volume={31},
  number={6},
  pages={799--816},
  year={2022},
  publisher={Taylor \& Francis}
}
@article{ponizovskiy2020development,
  title={Development and validation of the personal values dictionary: A theory--driven tool for investigating references to basic human values in text},
  author={Ponizovskiy, Vladimir and Ardag, Murat and Grigoryan, Lusine and Boyd, Ryan and Dobewall, Henrik and Holtz, Peter},
  journal={European Journal of Personality},
  volume={34},
  number={5},
  pages={885--902},
  year={2020},
  publisher={SAGE Publications Sage UK: London, England}
}
@inproceedings{kim2020butter,
  title={Butter Lyrics Over Hominy Grit: Comparing Audio and Psychology-Based Text Features in MIR Tasks.},
  author={Kim, Jaehun and Demetriou, Andrew M and Manolios, Sandy and Tavella, Maria Stella and Liem, Cynthia CS},
  booktitle={ISMIR},
  pages={861--868},
  year={2020}
}
@article{conrad2019extreme,
  title={Extreme re-listening: Songs people love... and continue to love},
  author={Conrad, Frederick and Corey, Jason and Goldstein, Samantha and Ostrow, Joseph and Sadowsky, Michael},
  journal={Psychology of Music},
  volume={47},
  number={2},
  pages={158--172},
  year={2019},
  publisher={Sage Publications Sage UK: London, England}
}
@book{groves2009survey,
  title={Survey methodology},
  author={Groves, Robert M and Fowler Jr, Floyd J and Couper, Mick P and Lepkowski, James M and Singer, Eleanor and Tourangeau, Roger},
  volume={561},
  year={2009},
  publisher={John Wiley \& Sons}
}

@article{lindeman2005measuring,
  title={Measuring values with the short Schwartz's value survey},
  author={Lindeman, Marjaana and Verkasalo, Markku},
  journal={Journal of personality assessment},
  volume={85},
  number={2},
  pages={170--178},
  year={2005},
  publisher={Taylor \& Francis}
}
@article{north2020relationship,
  title={The relationship between pop music and lyrics: A computerized content analysis of the United Kingdom’s weekly top five singles, 1999--2013},
  author={North, Adrian C and Krause, Amanda E and Ritchie, David},
  journal={Psychology of Music},
  pages={0305735619896409},
  year={2020},
  publisher={SAGE Publications Sage UK: London, England}
}
@article{van2005world,
  title={A world without citizenship: On (the absence of) politics and ideology in country music lyrics, 1960--2000},
  author={Van Sickel, Robert W},
  journal={Popular music and society},
  volume={28},
  number={3},
  pages={313--331},
  year={2005},
  publisher={Taylor \& Francis}
}
@article{brand2019cultural,
  title={Cultural evolution of emotional expression in 50 years of song lyrics},
  author={Brand, Charlotte O and Acerbi, Alberto and Mesoudi, Alex},
  journal={Evolutionary Human Sciences},
  volume={1},
  year={2019},
  publisher={Cambridge University Press}
}
@article{brattico2011functional,
  title={A functional MRI study of happy and sad emotions in music with and without lyrics},
  author={Brattico, Elvira and Alluri, Vinoo and Bogert, Brigitte and Jacobsen, Thomas and Vartiainen, Nuutti and Nieminen, Sirke Katriina and Tervaniemi, Mari},
  journal={Frontiers in psychology},
  volume={2},
  pages={308},
  year={2011},
  publisher={Frontiers}
}
@article{ali2006songs,
  title={Songs and emotions: are lyrics and melodies equal partners?},
  author={Ali, S Omar and Peynircio{\u{g}}lu, Zehra F},
  journal={Psychology of music},
  volume={34},
  number={4},
  pages={511--534},
  year={2006},
  publisher={Sage Publications Sage CA: Thousand Oaks, CA}
}
@article{howlin2020patients,
  title={Patients choose music with high energy, danceability, and lyrics in analgesic music listening interventions},
  author={Howlin, Claire and Rooney, Brendan},
  journal={Psychology of Music},
  pages={0305735620907155},
  year={2020},
  publisher={SAGE Publications Sage UK: London, England}
}
@inproceedings{maheshwari2017societal,
  title={A societal sentiment analysis: Predicting the values and ethics of individuals by analysing social media content},
  author={Maheshwari, Tushar and Reganti, Aishwarya N and Gupta, Samiksha and Jamatia, Anupam and Kumar, Upendra and Gamb{\"a}ck, Bj{\"o}rn and Das, Amitava},
  booktitle={Proceedings of the 15th Conference of the European Chapter of the Association for Computational Linguistics: Volume 1, Long Papers},
  pages={731--741},
  year={2017}, 
  publisher ={Association for Computational Linguistics}
}
@inproceedings{kiesel2022identifying,
  title={Identifying the human values behind arguments},
  author={Kiesel, Johannes and Alshomary, Milad and Handke, Nicolas and Cai, Xiaoni and Wachsmuth, Henning and Stein, Benno},
  booktitle={Proceedings of the 60th Annual Meeting of the Association for Computational Linguistics (Volume 1: Long Papers)},
  pages={4459--4471},
  year={2022}, 
  publisher ={Association for Computational Linguistics}
}
@inproceedings{DBLP:conf/recsys/ChenLSZ18,
  author       = {Ching{-}Wei Chen and
                  Paul Lamere and
                  Markus Schedl and
                  Hamed Zamani},
  editor       = {Sole Pera and
                  Michael D. Ekstrand and
                  Xavier Amatriain and
                  John O'Donovan},
  title        = {Recsys challenge 2018: automatic music playlist continuation},
  booktitle    = {Proceedings of the 12th {ACM} Conference on Recommender Systems, RecSys
                  2018, Vancouver, BC, Canada, October 2-7, 2018},
  pages        = {527--528},
  publisher    = {{ACM}},
  year         = {2018},
  url          = {https://doi.org/10.1145/3240323.3240342},
  doi          = {10.1145/3240323.3240342},
  timestamp    = {Wed, 21 Nov 2018 12:44:02 +0100},
  biburl       = {https://dblp.org/rec/conf/recsys/ChenLSZ18.bib},
  bibsource    = {dblp computer science bibliography, https://dblp.org}
}
@incollection{Liem2012MusicGap,
    title = {{Music Information Technology and Professional Stakeholder Audiences: Mind the Adoption Gap}},
    year = {2012},
    booktitle = {Dagstuhl Follow-Ups},
    author = {Liem, Cynthia C. S. and Rauber, Andreas and Lidy, Thomas and Lewis, Richard and Raphael, Christopher and Reiss, Joshua D. and Crawford, Tim and Hanjalic, Alan},
    volume = {3},
    publisher = {Schloss Dagstuhl - Leibniz-Zentrum fuer Informatik},
    url = {http://drops.dagstuhl.de/opus/volltexte/2012/3475/},
    isbn = {978-3-939897-37-8},
    doi = {10.4230/DFU.VOL3.11041.227}
}
@article{richard2003one,
  title={One hundred years of social psychology quantitatively described},
  author={Richard, F Dan and Bond Jr, Charles F and Stokes-Zoota, Juli J},
  journal={Review of general psychology},
  volume={7},
  number={4},
  pages={331--363},
  year={2003},
  publisher={SAGE Publications Sage CA: Los Angeles, CA}
}
@inproceedings{DBLP:conf/nips/MikolovSCCD13,
  author       = {Tom{\'{a}}s Mikolov and
                  Ilya Sutskever and
                  Kai Chen and
                  Gregory S. Corrado and
                  Jeffrey Dean},
  editor       = {Christopher J. C. Burges and
                  L{\'{e}}on Bottou and
                  Zoubin Ghahramani and
                  Kilian Q. Weinberger},
  title        = {Distributed Representations of Words and Phrases and their Compositionality},
  booktitle    = {Advances in Neural Information Processing Systems 26: 27th Annual
                  Conference on Neural Information Processing Systems 2013. Proceedings
                  of a meeting held December 5-8, 2013, Lake Tahoe, Nevada, United States},
  pages        = {3111--3119},
  year         = {2013},
  url          = {https://proceedings.neurips.cc/paper/2013/hash/9aa42b31882ec039965f3c4923ce901b-Abstract.html},
  timestamp    = {Mon, 16 May 2022 15:41:51 +0200},
  biburl       = {https://dblp.org/rec/conf/nips/MikolovSCCD13.bib},
  bibsource    = {dblp computer science bibliography, https://dblp.org}
}
@inproceedings{DBLP:conf/emnlp/PenningtonSM14,
  author       = {Jeffrey Pennington and
                  Richard Socher and
                  Christopher D. Manning},
  editor       = {Alessandro Moschitti and
                  Bo Pang and
                  Walter Daelemans},
  title        = {Glove: Global Vectors for Word Representation},
  booktitle    = {Proceedings of the 2014 Conference on Empirical Methods in Natural
                  Language Processing, {EMNLP} 2014, October 25-29, 2014, Doha, Qatar,
                  {A} meeting of SIGDAT, a Special Interest Group of the {ACL}},
  pages        = {1532--1543},
  publisher    = {{ACL}},
  year         = {2014},
  url          = {https://doi.org/10.3115/v1/d14-1162},
  doi          = {10.3115/V1/D14-1162},
  timestamp    = {Fri, 06 Aug 2021 00:40:40 +0200},
  biburl       = {https://dblp.org/rec/conf/emnlp/PenningtonSM14.bib},
  bibsource    = {dblp computer science bibliography, https://dblp.org}
}
@inproceedings{DBLP:conf/acl/FaruquiD14,
  author       = {Manaal Faruqui and
                  Chris Dyer},
  title        = {Community Evaluation and Exchange of Word Vectors at wordvectors.org},
  booktitle    = {Proceedings of the 52nd Annual Meeting of the Association for Computational
                  Linguistics, {ACL} 2014, June 22-27, 2014, Baltimore, MD, USA, System
                  Demonstrations},
  pages        = {19--24},
  publisher    = {The Association for Computer Linguistics},
  year         = {2014},
  url          = {https://doi.org/10.3115/v1/p14-5004},
  doi          = {10.3115/V1/P14-5004},
  timestamp    = {Fri, 06 Aug 2021 00:41:05 +0200},
  biburl       = {https://dblp.org/rec/conf/acl/FaruquiD14.bib},
  bibsource    = {dblp computer science bibliography, https://dblp.org}
}
@Manual{Rcitation,
    title = {R: A Language and Environment for Statistical Computing},
    author = {{R Core Team}},
    organization = {R Foundation for Statistical Computing},
    address = {Vienna, Austria},
    year = {2022},
    url = {https://www.R-project.org/},
  }
@Manual{RRAcitation,
    title = {RobustRankAggreg: Methods for Robust Rank Aggregation},
    author = {Raivo Kolde},
    year = {2022},
    note = {R package version 1.2.1},
    url = {https://CRAN.R-project.org/package=RobustRankAggreg},
  }

@Manual{Psychcitation,
    title = {psych: Procedures for Psychological, Psychometric, and Personality Research},
    author = {{William Revelle}},
    organization = {Northwestern University},
    address = {Evanston, Illinois},
    year = {2023},
    note = {R package version 2.3.9},
    url = {https://CRAN.R-project.org/package=psych},
  }
@article{kolde2012robust,
  title={Robust rank aggregation for gene list integration and meta-analysis},
  author={Kolde, Raivo and Laur, Sven and Adler, Priit and Vilo, Jaak},
  journal={Bioinformatics},
  volume={28},
  number={4},
  pages={573--580},
  year={2012},
  publisher={Oxford University Press}
}
@inproceedings{schindler2012facilitating,
  title={Facilitating Comprehensive Benchmarking Experiments on the Million Song Dataset.},
  author={Schindler, Alexander and Mayer, Rudolf and Rauber, Andreas},
  booktitle={ISMIR},
  pages={469--474},
  year={2012}, 
publisher={International Society for Music Information Retrieval}
}
@article{koo2016guideline,
  title={A guideline of selecting and reporting intraclass correlation coefficients for reliability research},
  author={Koo, Terry K and Li, Mae Y},
  journal={Journal of chiropractic medicine},
  volume={15},
  number={2},
  pages={155--163},
  year={2016},
  publisher={Elsevier}
}
@article{cabitza2020if,
  title={As if sand were stone. New concepts and metrics to probe the ground on which to build trustable AI},
  author={Cabitza, Federico and Campagner, Andrea and Sconfienza, Luca Maria},
  journal={BMC Medical Informatics and Decision Making},
  volume={20},
  number={1},
  pages={1--21},
  year={2020},
  publisher={BioMed Central}
}
@article{schwartz2001extending,
  title={Extending the cross-cultural validity of the theory of basic human values with a different method of measurement},
  author={Schwartz, Shalom H and Melech, Gila and Lehmann, Arielle and Burgess, Steven and Harris, Mari and Owens, Vicki},
  journal={Journal of cross-cultural psychology},
  volume={32},
  number={5},
  pages={519--542},
  year={2001},
  publisher={Sage Publications Sage CA: Thousand Oaks, CA}
}



@inproceedings{DBLP:conf/emnlp/ReimersG19,
  author       = {Nils Reimers and
                  Iryna Gurevych},
  editor       = {Kentaro Inui and
                  Jing Jiang and
                  Vincent Ng and
                  Xiaojun Wan},
  title        = {Sentence-BERT: Sentence Embeddings using Siamese BERT-Networks},
  booktitle    = {Proceedings of the 2019 Conference on Empirical Methods in Natural
                  Language Processing and the 9th International Joint Conference on
                  Natural Language Processing, {EMNLP-IJCNLP} 2019, Hong Kong, China,
                  November 3-7, 2019},
  pages        = {3980--3990},
  publisher    = {Association for Computational Linguistics},
  year         = {2019},
  url          = {https://doi.org/10.18653/v1/D19-1410},
  doi          = {10.18653/V1/D19-1410},
  timestamp    = {Thu, 07 Apr 2022 09:14:07 +0200},
  biburl       = {https://dblp.org/rec/conf/emnlp/ReimersG19.bib},
  bibsource    = {dblp computer science bibliography, https://dblp.org}
}

@incollection{davison2000multidimensional,
  title={Multidimensional scaling},
  author={Davison, Mark L and Sireci, Stephen G},
  booktitle={Handbook of applied multivariate statistics and mathematical modeling},
  pages={323--352},
  year={2000},
  publisher={Elsevier}
}
@article{kern2023annotation,
  title={Annotation Sensitivity: Training Data Collection Methods Affect Model Performance},
  author={Kern, Christoph and Eckman, Stephanie and Beck, Jacob and Chew, Rob and Ma, Bolei and Kreuter, Frauke},
  journal={arXiv preprint arXiv:2311.14212},
  year={2023}
}
@inproceedings{inel2023collect,
  title={Collect, measure, repeat: Reliability factors for responsible AI data collection},
  author={Inel, Oana and Draws, Tim and Aroyo, Lora},
  booktitle={Proceedings of the AAAI Conference on Human Computation and Crowdsourcing},
  volume={11},
  number={1},
  pages={51--64},
  year={2023}
}
@inproceedings{homan2022annotator,
  title={Annotator Response Distributions as a Sampling Frame},
  author={Homan, Christopher and Weerasooriya, Tharindu Cyril and Aroyo, Lora and Welty, Chris},
  booktitle={Proceedings of the 1st Workshop on Perspectivist Approaches to NLP@ LREC2022},
  pages={56--65},
  year={2022}
}