% Example bibtex file for ISMIR Template

@INPROCEEDINGS{Author:00,
	AUTHOR = {E. Author},
	TITLE = {The Title of the Conference Paper},
	BOOKTITLE = {Proceedings of the International Symposium
		on Music Information Retrieval},
	PAGES = {000--111},
	YEAR = {2000},
	}

@ARTICLE{Someone:10,
	AUTHOR = {A. Someone and B. Someone and C. Someone},
	TITLE = {The Title of the Journal Paper},
	JOURNAL = {Journal of New Music Research},
	VOLUME = {A},
	NUMBER = {B},
	PAGES = {111--222},
	YEAR = {2010},
	}

@BOOK{Someone:04,
	AUTHOR = {X. Someone and Y. Someone},
	TITLE = {The Title of the Book},
	PUBLISHER = {Editorial Acme},
	ADDRESS = {Porto},
	YEAR = {2012},
	}

@book{DBLP:books/daglib/0022921,
  author    = {Steven Bird and
               Ewan Klein and
               Edward Loper},
  title     = {Natural Language Processing with {Python}},
  publisher = {O'Reilly},
  year      = {2009},
  isbn      = {978-0-596-51649-9},
  timestamp = {Wed, 09 Feb 2011 09:29:21 +0100},
  biburl    = {https://dblp.org/rec/books/daglib/0022921.bib},
  bibsource = {dblp computer science bibliography, https://dblp.org}
}

@article{DBLP:journals/ml/Hofmann01,
  author    = {Thomas Hofmann},
  title     = {Unsupervised Learning by Probabilistic Latent Semantic Analysis},
  journal   = {Machine Learning},
  volume    = {42},
  number    = {1/2},
  pages     = {177--196},
  year      = {2001},
  doi       = {10.1023/A:1007617005950},
  timestamp = {Sun, 28 May 2017 13:18:23 +0200},
  biburl    = {https://dblp.org/rec/journals/ml/Hofmann01.bib},
  bibsource = {dblp computer science bibliography, https://dblp.org}
}

@inproceedings{DBLP:conf/ismir/Bertin-MahieuxEWL11,
  author    = {Thierry Bertin{-}Mahieux and
               Daniel P. W. Ellis and
               Brian Whitman and
               Paul Lamere},
  editor    = {Anssi Klapuri and
               Colby Leider},
  title     = {{The Million Song Dataset}},
  booktitle = {Proceedings of the 12th International Society for Music Information Retrieval Conference, {ISMIR} 2011, Miami, Florida, USA, October 24-28,2011},
  pages     = {591--596},
  publisher = {University of Miami},
  year      = {2011},
  timestamp = {Tue, 06 Dec 2011 14:29:59 +0100},
  biburl    = {https://dblp.org/rec/conf/ismir/Bertin-MahieuxEWL11.bib},
  bibsource = {dblp computer science bibliography, https://dblp.org}
}

@inproceedings{DBLP:conf/icdm/Rendle10,
  author    = {Steffen Rendle},
  editor    = {Geoffrey I. Webb and
               Bing Liu and
               Chengqi Zhang and
               Dimitrios Gunopulos and
               Xindong Wu},
  title     = {Factorization Machines},
  booktitle = {Proceedings of the 10th {IEEE} International Conference on Data Mining, {ICDM} 2010, Sydney, Australia, 14-17 December 2010},
  pages     = {995--1000},
  publisher = {{IEEE} Computer Society},
  year      = {2010},
  doi       = {10.1109/ICDM.2010.127},
  timestamp = {Wed, 16 Oct 2019 14:14:51 +0200},
  biburl    = {https://dblp.org/rec/conf/icdm/Rendle10.bib},
  bibsource = {dblp computer science bibliography, https://dblp.org}
}

@inproceedings{DBLP:conf/ismir/ChoiFSC17,
  author    = {Keunwoo Choi and
               Gy{\"{o}}rgy Fazekas and
               Mark B. Sandler and
               Kyunghyun Cho},
  editor    = {Sally Jo Cunningham and
               Zhiyao Duan and
               Xiao Hu and
               Douglas Turnbull},
  title     = {Transfer Learning for Music Classification and Regression Tasks},
  booktitle = {Proceedings of the 18th International Society for Music Information Retrieval Conference, {ISMIR} 2017, Suzhou, China, October 23-27, 2017},
  pages     = {141--149},
  year      = {2017},
  timestamp = {Thu, 21 Mar 2019 11:19:43 +0100},
  biburl    = {https://dblp.org/rec/conf/ismir/ChoiFSC17.bib},
  bibsource = {dblp computer science bibliography, https://dblp.org}
}
@book{gelman2006data,
  title={Data Analysis Using Regression and Multilevel/Hierarchical Models},
  author={Gelman, Andrew and Hill, Jennifer},
  year={2006},
  publisher={Cambridge university press}
}

@inproceedings{demetriou2018vocals,
  author    = {Andrew Demetriou and
               Andreas Jansson and
               Aparna Kumar and
               Rachel M. Bittner},
  editor    = {Emilia G{\'{o}}mez and
               Xiao Hu and
               Eric Humphrey and
               Emmanouil Benetos},
  title     = {Vocals in Music Matter: the Relevance of Vocals in the Minds of Listeners},
  booktitle = {Proceedings of the 19th International Society for Retrieval Conference, {ISMIR} 2018, Paris, France, September 23-27, 2018},
  pages     = {514--520},
  year      = {2018},
  timestamp = {Thu, 12 Mar 2020 11:33:28 +0100},
  biburl    = {https://dblp.org/rec/conf/ismir/DemetriouJKB18.bib},
  bibsource = {dblp computer science bibliography, https://dblp.org}
}

@article{ali2006songs,
  title={Songs and emotions: are lyrics and melodies equal partners?},
  author={Ali, S Omar and Peynircio{\u{g}}lu, Zehra F},
  journal={Psychology of music},
  volume={34},
  number={4},
  pages={511--534},
  year={2006},
  publisher={Sage Publications Sage CA: Thousand Oaks, CA}
}

@inproceedings{DBLP:conf/nips/MikolovSCCD13,
  author    = {Tomas Mikolov and
               Ilya Sutskever and
               Kai Chen and
               Gregory S. Corrado and
               Jeffrey Dean},
  editor    = {Christopher J. C. Burges and
               L{\'{e}}on Bottou and
               Zoubin Ghahramani and
               Kilian Q. Weinberger},
  title     = {Distributed Representations of Words and Phrases and their Compositionality},
  booktitle = {Advances in Neural Information Processing Systems 26: 27th Annual Conference on Neural Information Processing Systems 2013. Proceedings of a meeting held December 5-8, 2013, Lake Tahoe, Nevada, United States},
  pages     = {3111--3119},
  year      = {2013},
  timestamp = {Fri, 06 Mar 2020 17:00:12 +0100},
  biburl    = {https://dblp.org/rec/conf/nips/MikolovSCCD13.bib},
  bibsource = {dblp computer science bibliography, https://dblp.org}
}

@inproceedings{DBLP:conf/ismir/Schreiber15,
  author    = {Hendrik Schreiber},
  editor    = {Meinard M{\"{u}}ller and
               Frans Wiering},
  title     = {Improving Genre Annotations for the {Million Song Dataset}},
  booktitle = {Proceedings of the 16th International Society for Music Information Retrieval Conference, {ISMIR} 2015, M{\'{a}}laga, Spain, October 26-30, 2015},
  pages     = {241--247},
  year      = {2015},
  timestamp = {Thu, 12 Mar 2020 11:33:09 +0100},
  biburl    = {https://dblp.org/rec/conf/ismir/Schreiber15.bib},
  bibsource = {dblp computer science bibliography, https://dblp.org}
}

@inproceedings{DBLP:conf/ismir/LiangZE15,
  author    = {Dawen Liang and
               Minshu Zhan and
               Daniel P. W. Ellis},
  editor    = {Meinard M{\"{u}}ller and
               Frans Wiering},
  title     = {Content-Aware Collaborative Music Recommendation Using Pre-trained Neural Networks},
  booktitle = {Proceedings of the 16th International Society for Music Information Retrieval Conference, {ISMIR} 2015, M{\'{a}}laga, Spain, October 26-30, 2015},
  pages     = {295--301},
  year      = {2015},
  timestamp = {Thu, 12 Mar 2020 11:32:45 +0100},
  biburl    = {https://dblp.org/rec/conf/ismir/LiangZE15.bib},
  bibsource = {dblp computer science bibliography, https://dblp.org}
}
@article{kuznetsova2017lmertest,
  title={{lmerTest} package: tests in linear mixed effects models},
  author={Kuznetsova, Alexandra and Brockhoff, Per B and Christensen, Rune Haubo Bojesen},
  journal={Journal of statistical software},
  volume={82},
  number={13},
  year={2017},
  publisher={The Foundation for Open Access Statistics}
}
@article{neuman2016personality,
  title={The personality of music genres},
  author={Neuman, Yair and Perlovsky, Leonid and Cohen, Yochai and Livshits, Danny},
  journal={Psychology of Music},
  volume={44},
  number={5},
  pages={1044--1057},
  year={2016},
  publisher={Sage Publications Sage UK: London, England}
}
@techreport{pennebaker2015development,
  title={The development and psychometric properties of {LIWC2015}},
  author={Pennebaker, James W and Boyd, Ryan L and Jordan, Kayla and Blackburn, Kate},
  year={2015}
}
@article{markowitz201727,
  title={The {{27 Club: Music}} lyrics reflect psychological distress},
  author={Markowitz, David M and Hancock, Jeffrey T},
  journal={Communication Reports},
  volume={30},
  number={1},
  pages={1--13},
  year={2017},
  publisher={Taylor \& Francis}
}
@article{schwartz2013personality,
  title={Personality, gender, and age in the language of social media: The open-vocabulary approach},
  author={Schwartz, H Andrew and Eichstaedt, Johannes C and Kern, Margaret L and Dziurzynski, Lukasz and Ramones, Stephanie M and Agrawal, Megha and Shah, Achal and Kosinski, Michal and Stillwell, David and Seligman, Martin EP and others},
  journal={PloS one},
  volume={8},
  number={9},
  pages={1--16},
  year={2013},
  publisher={Public Library of Science}
}
@inproceedings{lightman2007using,
  title={Using computational text analysis tools to compare the lyrics of suicidal and non-suicidal songwriters},
  author={Lightman, Erin J and McCarthy, Philip M and Dufty, David F and McNamara, Danielle S},
  booktitle={Proceedings of the Annual Meeting of the Cognitive Science Society},
  volume={29},
  number={29},
  year={2007}
}
@article{brattico2011functional,
  title={A functional {MRI} study of happy and sad emotions in music with and without lyrics},
  author={Brattico, Elvira and Alluri, Vinoo and Bogert, Brigitte and Jacobsen, Thomas and Vartiainen, Nuutti and Nieminen, Sirke Katriina and Tervaniemi, Mari},
  journal={Frontiers in psychology},
  volume={2},
  pages={1--16},
  year={2011},
  publisher={Frontiers}
}
@article{tausczik2010psychological,
  title={The psychological meaning of words: {LIWC} and computerized text analysis methods},
  author={Tausczik, Yla R and Pennebaker, James W},
  journal={Journal of language and social psychology},
  volume={29},
  number={1},
  pages={24--54},
  year={2010},
  publisher={Sage Publications Sage CA: Los Angeles, CA}
}
@article{van2005world,
  title={A world without citizenship: On (the absence of) politics and ideology in country music lyrics, 1960--2000},
  author={Van Sickel, Robert W},
  journal={Popular music and society},
  volume={28},
  number={3},
  pages={313--331},
  year={2005},
  publisher={Taylor \& Francis}
}
@article{brand2019cultural,
  title={Cultural evolution of emotional expression in 50 years of song lyrics},
  author={Brand, Charlotte O and Acerbi, Alberto and Mesoudi, Alex},
  journal={Evolutionary Human Sciences},
  volume={1},
  pages={1--14},
  year={2019},
  publisher={Cambridge University Press}
}
@article{north2020relationship,
  title={{The relationship between pop music and lyrics: A computerized content analysis of the United Kingdom’s weekly top five singles, 1999--2013}},
  author={North, Adrian C and Krause, Amanda E and Ritchie, David},
  journal={Psychology of Music},
  pages={1--24},
  doi={10.1177/0305735619896409},
  year={2020},
  publisher={SAGE Publications Sage UK: London, England}
}
@article{dewall2011tuning,
  title={Tuning in to psychological change: Linguistic markers of psychological traits and emotions over time in popular US song lyrics.},
  author={DeWall, C Nathan and Pond Jr, Richard S and Campbell, W Keith and Twenge, Jean M},
  journal={Psychology of Aesthetics, Creativity, and the Arts},
  volume={5},
  number={3},
  pages={200--207},
  year={2011},
  publisher={Educational Publishing Foundation}
}

@article{howlin2020patients,
author = {Claire Howlin and Brendan Rooney},
title ={Patients choose music with high energy, danceability, and lyrics in analgesic music listening interventions},
journal = {Psychology of Music},
volume = {0},
number = {0},
pages={1--14},
year = {2020},
doi = {10.1177/0305735620907155},
}


@incollection{liem2018psychology,
  title={Psychology meets machine learning: Interdisciplinary perspectives on algorithmic job candidate screening},
  author={Liem, Cynthia CS and Langer, Markus and Demetriou, Andrew and Hiemstra, Annemarie MF and Wicaksana, Achmadnoer Sukma and Born, Marise Ph and K{\"o}nig, Cornelius J},
  booktitle={Explainable and interpretable models in computer vision and machine learning},
  pages={197--253},
  year={2018},
  publisher={Springer}
}
@article{futrelle2003interdisciplinary,
  title={Interdisciplinary research issues in music information retrieval: ISMIR 2000--2002},
  author={Futrelle, Joe and Downie, J Stephen},
  journal={Journal of New Music Research},
  volume={32},
  number={2},
  pages={121--131},
  year={2003},
  publisher={Taylor \& Francis}
}
@article{goldberg1990alternative,
  title={An alternative "description of personality": the {{Big-Five}} factor structure.},
  author={Goldberg, Lewis R},
  journal={Journal of personality and social psychology},
  volume={59},
  number={6},
  pages={1216--1229},
  year={1990},
  publisher={American Psychological Association}
}
@article{saucier1996evidence,
  title={Evidence for the {{Big Five}} in analyses of familiar English personality adjectives},
  author={Saucier, Gerard and Goldberg, Lewis R},
  journal={European Journal of Personality},
  volume={10},
  number={1},
  pages={61--77},
  year={1996},
  publisher={Wiley Online Library}
}

@inproceedings{shen2019measuring,
  title={Measuring Personal Values in Cross-Cultural User-Generated Content},
  author={Shen, Yiting and Wilson, Steven R and Mihalcea, Rada},
  booktitle={International Conference on Social Informatics},
  pages={143--156},
  year={2019},
  organization={Springer}
}

@inproceedings{boyd2015values,
  title={Values in words: Using language to evaluate and understand personal values},
  author={Boyd, Ryan L and Wilson, Steven R and Pennebaker, James W and Kosinski, Michal and Stillwell, David J and Mihalcea, Rada},
  booktitle={Ninth International AAAI Conference on Web and Social Media},
  year={2015}
}

@article{liu2019personality,
  title={Personality or Value: A Comparative Study of Psychographic Segmentation Based on an Online Review Enhanced Recommender System},
  author={Liu, Hui and Huang, Yinghui and Wang, Zichao and Liu, Kai and Hu, Xiangen and Wang, Weijun},
  journal={Applied Sciences},
  volume={9},
  number={10},
  pages={1--28},
  year={2019},
  publisher={Multidisciplinary Digital Publishing Institute}
}
@inproceedings{wilson2018building,
  title={Building and validating hierarchical lexicons with a case study on personal values},
  author={Wilson, Steven R and Shen, Yiting and Mihalcea, Rada},
  booktitle={International Conference on Social Informatics},
  pages={455--470},
  year={2018},
  organization={Springer}
}

@inproceedings{wilson2016disentangling,
  title={Disentangling topic models: A cross-cultural analysis of personal values through words},
  author={Wilson, Steven and Mihalcea, Rada and Boyd, Ryan and Pennebaker, James},
  booktitle={Proceedings of the First Workshop on NLP and Computational Social Science},
  pages={143--152},
  year={2016}
}

@inproceedings{hu2009lyric,
  author    = {Yajie Hu and
               Xiaoou Chen and
               Deshun Yang},
  editor    = {Keiji Hirata and
               George Tzanetakis and
               Kazuyoshi Yoshii},
  title     = {Lyric-based Song Emotion Detection with Affective Lexicon and Fuzzy
               Clustering Method},
  booktitle = {Proceedings of the 10th International Society for Music Information
               Retrieval Conference, {ISMIR} 2009, Kobe International Conference
               Center, Kobe, Japan, October 26-30, 2009},
  pages     = {123--128},
  publisher = {International Society for Music Information Retrieval},
  year      = {2009},
  timestamp = {Thu, 12 Mar 2020 11:33:25 +0100},
  biburl    = {https://dblp.org/rec/conf/ismir/HuCY09.bib},
  bibsource = {dblp computer science bibliography, https://dblp.org}
}

@inproceedings{mcvicar2011mining,
  author    = {Matt McVicar and
               Tim Freeman and
               Tijl De Bie},
  editor    = {Anssi Klapuri and
               Colby Leider},
  title     = {Mining the Correlation between Lyrical and Audio Features and the
               Emergence of Mood},
  booktitle = {Proceedings of the 12th International Society for Music Information
               Retrieval Conference, {ISMIR} 2011, Miami, Florida, USA, October 24-28,
               2011},
  pages     = {783--788},
  publisher = {University of Miami},
  year      = {2011},
  timestamp = {Thu, 12 Mar 2020 11:32:54 +0100},
  biburl    = {https://dblp.org/rec/conf/ismir/McVicarFB11.bib},
  bibsource = {dblp computer science bibliography, https://dblp.org}
}

@inproceedings{hu2010lyrics,
  author    = {Xiao Hu and
               J. Stephen Downie},
  editor    = {J. Stephen Downie and
               Remco C. Veltkamp},
  title     = {When Lyrics Outperform Audio for Music Mood Classification: {A} Feature
               Analysis},
  booktitle = {Proceedings of the 11th International Society for Music Information
               Retrieval Conference, {ISMIR} 2010, Utrecht, Netherlands, August 9-13,
               2010},
  pages     = {619--624},
  publisher = {International Society for Music Information Retrieval},
  year      = {2010},
  timestamp = {Thu, 12 Mar 2020 11:33:02 +0100},
  biburl    = {https://dblp.org/rec/conf/ismir/HuD10.bib},
  bibsource = {dblp computer science bibliography, https://dblp.org}
}

@inproceedings{tsaptsinos2017lyrics,
  author    = {Alexandros Tsaptsinos},
  editor    = {Sally Jo Cunningham and
               Zhiyao Duan and
               Xiao Hu and
               Douglas Turnbull},
  title     = {Lyrics-Based Music Genre Classification Using a Hierarchical Attention
               Network},
  booktitle = {Proceedings of the 18th International Society for Music Information
               Retrieval Conference, {ISMIR} 2017, Suzhou, China, October 23-27,
               2017},
  pages     = {694--701},
  year      = {2017},
  timestamp = {Mon, 28 May 2018 13:15:26 +0200},
  biburl    = {https://dblp.org/rec/conf/ismir/Tsaptsinos17.bib},
  bibsource = {dblp computer science bibliography, https://dblp.org}
}

@inproceedings{wang2011music,
  author    = {Xing Wang and
               Xiaoou Chen and
               Deshun Yang and
               Yuqian Wu},
  editor    = {Anssi Klapuri and
               Colby Leider},
  title     = {Music Emotion Classification of {{Chinese}} Songs based on Lyrics Using
               {TF*IDF} and Rhyme},
  booktitle = {Proceedings of the 12th International Society for Music Information
               Retrieval Conference, {ISMIR} 2011, Miami, Florida, USA, October 24-28,
               2011},
  pages     = {765--770},
  publisher = {University of Miami},
  year      = {2011},
  timestamp = {Thu, 12 Mar 2020 11:32:43 +0100},
  biburl    = {https://dblp.org/rec/conf/ismir/WangCYW11.bib},
  bibsource = {dblp computer science bibliography, https://dblp.org}
}

@inproceedings{sasaki2014lyricsradar,
  author    = {Shoto Sasaki and
               Kazuyoshi Yoshii and
               Tomoyasu Nakano and
               Masataka Goto and
               Shigeo Morishima},
  editor    = {Hsin{-}Min Wang and
               Yi{-}Hsuan Yang and
               Jin Ha Lee},
  title     = {LyricsRadar: {A} Lyrics Retrieval System Based on Latent Topics of
               Lyrics},
  booktitle = {Proceedings of the 15th International Society for Music Information
               Retrieval Conference, {ISMIR} 2014, Taipei, Taiwan, October 27-31,
               2014},
  pages     = {585--590},
  year      = {2014},
  timestamp = {Thu, 12 Mar 2020 11:33:22 +0100},
  biburl    = {https://dblp.org/rec/conf/ismir/SasakiYNGM14.bib},
  bibsource = {dblp computer science bibliography, https://dblp.org}
}

@inproceedings{mayer2008rhyme,
  author    = {Rudolf Mayer and
               Robert Neumayer and
               Andreas Rauber},
  editor    = {Juan Pablo Bello and
               Elaine Chew and
               Douglas Turnbull},
  title     = {Rhyme and Style Features for Musical Genre Classification by Song
               Lyrics},
  booktitle = {Proceedings of the 9th International Society for Music Information Retrieval Conference, {ISMIR} 2008, Drexel University, Philadelphia, PA, USA, September 14-18, 2008},
  pages     = {337--342},
  year      = {2008},
  timestamp = {Thu, 12 Mar 2020 11:33:17 +0100},
  biburl    = {https://dblp.org/rec/conf/ismir/MayerNR08.bib},
  bibsource = {dblp computer science bibliography, https://dblp.org}
}

@inproceedings{ellis2015quantifying,
  title={Quantifying Lexical Novelty in Song Lyrics.},
  author={Ellis, Robert J and Xing, Zhe and Fang, Jiakun and Wang, Ye},
  booktitle={ISMIR},
  pages={694--700},
  year={2015}
}

@inproceedings{kleedorfer2008oh,
  author    = {Florian Kleedorfer and
               Peter Knees and
               Tim Pohle},
  editor    = {Juan Pablo Bello and
               Elaine Chew and
               Douglas Turnbull},
  title     = {Oh Oh Oh Whoah! {{Towards}} Automatic Topic Detection In Song Lyrics},
  booktitle = {Proceedings of the 9th International Society for Music Information Retrieval Conference, {ISMIR} 2008, Drexel University, Philadelphia, PA, USA, September 14-18, 2008},
  pages     = {287--292},
  year      = {2008},
  timestamp = {Thu, 12 Mar 2020 11:33:09 +0100},
  biburl    = {https://dblp.org/rec/conf/ismir/KleedorferKP08.bib},
  bibsource = {dblp computer science bibliography, https://dblp.org}
}